@article{rif1,
  Author={Mozilla Developer},
    Title={Payment Request API, Mozilla Developer},
  note = {\url{https://developer.mozilla.org/en-US/docs/Web/API/Payment_Request_API}},
}

@article{rif2,
	 Author={Mozilla Developer},
	Title = {Features restricted to secure contexts},
	note = {\url{https://developer.mozilla.org/en-US/docs/Web/API/Geolocation}},
}

@article{rif3,
	 Author={Angular University},
	Title = {Angular Service Worker - Step-By-Step Guide for turning your Application into a PWA},
	year = {2018},
	note = {\url{https://blog.angular-university.io/angular-service-worker/}},
}

@article{rif4,
	 Author={Mozilla Developer},
	Title = {Geolocation API},
	note = {\url{https://developer.mozilla.org/en-US/docs/Web/API/Geolocation_API}},
}

@article{rif5,
	 Author={Mozilla Developer},
	Title = {Service Worker API},
	note = {\url{https://developer.mozilla.org/en-US/docs/Web/API/Service_Worker_API}},
}

@article{rif6,
	 Author={Nick Doty and Deirdre K. Mulligan and Erik Wilde},
	Title = {Privacy Issues of the W3C Geolocation API},
	year = {2010},
	note = {\url{https://escholarship.org/uc/item/0rp834wf}},
}


@article{rif7,
	 Author={Rafay Baloch},
	Title = {HTML5 Modern Day Attack And Defense Vector},
	note = {\url{http://www.xss-payloads.com/papers/HTML5AttackVectors.pdf}},
}

@article{rif8,
	 Author={Aurelio De Rosa},
	Title = {An Introduction to the Geolocation API},
	year = {2014},
	note = {\url{https://code.tutsplus.com/tutorials/an-introduction-to-the-geolocation-api--cms-20071}},
}

@article{rif9,
	 Author={Mozilla Developer},
	Title = {Payment Request API},
	year = {2018},
	note = {\url{https://w3c.github.io/payment-request/}},
}

@article{rif10,
	 Author={Natasja Bolton},
	Title = {One more nail in the coffin for iFrames?},
	note = {\url{https://sysnetgs.com/2016/06/one-nail-coffin-iframes/}},
}

@article{rif11,
	 Author={Matt Gaunt},
	Title = {Deep Dive into Payment Request API},
	note = {\url{https://developers.google.com/web/fundamentals/payments/merchant-guide/deep-dive-into-payment-request}},
}

@article{rif12,
	Title = {What is Payment Request?},
	note = {\url{https://paymentrequest.show/}},
}

@article{rif13,
	 Author={Google Developers},
	Title = {Introduction to the Payment Request API},
	note = {\url{https://developers.google.com/web/ilt/pwa/introduction-to-the-payment-request-api}},
}

@article{rif14,
	 Author={Eiji Kitamura},
	Title = {Bringing Easy and Fast Checkout with Payment Request API},
	note = {\url{https://developers.google.com/web/updates/2016/07/payment-request}},
}

@article{rif15,
	 Author={Microsoft},
	Title = {Payment Request API},
	note = {\url{https://docs.microsoft.com/en-us/microsoft-edge/dev-guide/windows-integration/payment-request-api}},
}

@article{rif16,
	 Author={Microsoft},
	Title = {Payment Request API samples},
	note = {\url{https://developer.microsoft.com/en-us/microsoft-edge/testdrive/demos/paymentrequest/}},
}

@article{rif17,
	 Author={Microsoft},
	Title = {Simpler web payments: Introducing the Payment Request API},
	note = {\url{https://blogs.windows.com/msedgedev/2016/12/15/payment-request-api-edge/#UATsm3ejAT9oYtrj.97}},
}

@article{rif18,
	 Author={Google Inc.},
	Title = {PaymentRequest Credit Cards Sample},
	year = {2018},
	note = {\url{https://googlechrome.github.io/samples/paymentrequest/credit-cards/}},
}

@article{rif19,
	 Author={W3C},
	Title = {PaymentRequest Privacy and Security Considerations},
	note = {\url{https://w3c.github.io/payment-request/#privacy-and-security-considerations}},
}

@article{rif20,
	 Author={Mozilla Developer},
	Title = {Service worker concepts and usage},
	note = {\url{https://developer.mozilla.org/en-US/docs/Web/API/Service_Worker_API}},
}

@article{rif21,
	 Author={Angular University},
	Title = {Service Workers - Practical Guided Introduction},
	note = {\url{https://blog.angular-university.io/service-workers/}},
}

@article{rif22,
	 Author={Mozilla Developer},
	Title = {Setting up to play with service workers},
	note = {\url{https://developer.mozilla.org/en-US/docs/Web/API/Service_Worker_API/Using_Service_Workers}},
}

@article{rif23,
	 Author={Google Partners},
	Title = {Tecnologie web avanzate: Service worker},
	note = {\url{https://support.google.com/partners/answer/7336697?hl=it}},
}

@article{rif24,
	 Author={Speedy Wordpress},
	Title = {Guida completa ai Service Worker Javascript},
	note = {\url{https://www.speedywordpress.it/guida-completa-ai-service-worker-javascript/}},
}

@article{rif25,
	 Author={Matt Gaunt},
	Title = {Service Workers: an Introduction},
	note = {\url{https://developers.google.com/web/fundamentals/primers/service-workers/}},
}

@article{rif26,
	 Author={jakearchibald Github},
	year = {2017},
	Title = {Service Worker explained},
	note = {\url{https://github.com/w3c/ServiceWorker/blob/master/explainer.md}},
}

@article{rif27,
	 Author={Erling Ellingsen},
	Title = {ServiceWorker is dangerous},
	note = {\url{https://alf.nu/ServiceWorker}},
}

@article{rif28,
	 Author={Rocco Balzamà},
	Title = {Cosa è il Cross-site scripting (XSS) e come difendersi da un attacco},
	note = {\url{https://www.roccobalzama.it/cosa-e-il-cross-site-scripting-xss-e-come-difendersi-da-un-attacco/}},
}

@article{rif29,
	 Author={W3C},
	year = {2018},
	Title = {Service Workers Nightly},
	note = {\url{https://w3c.github.io/ServiceWorker/#security-considerations}},
}

@article{rif30,
	 Author={Microsoft},
	Title = {Simpler web payments: Introducing the Payment Request API},
	note = {\url{https://blogs.windows.com/msedgedev/2016/12/15/payment-request-api-edge/#5CwWwToEm9YiVdyQ.97}},
}

